<?xml version="1.0" encoding="UTF-8"?>
  <record xmlns="http://www.loc.gov/MARC21/slim" type="Authority">
    <leader>00000nz  a2200000nc 4500</leader>
    <controlfield tag="001">124365639</controlfield>
    <controlfield tag="003">DE-101</controlfield>
    <controlfield tag="005">20200803171247.0</controlfield>
    <controlfield tag="008">030124n||azznnaabn           | aaa    |c</controlfield>
    <datafield tag="024" ind1="7" ind2=" ">
      <subfield code="a">124365639</subfield>
      <subfield code="0">http://d-nb.info/gnd/124365639</subfield>
      <subfield code="2">gnd</subfield>
    </datafield>
    <datafield tag="024" ind1="7" ind2=" ">
      <subfield code="a">60014684</subfield>
      <subfield code="2">viaf</subfield>
    </datafield>
    <datafield tag="024" ind1="7" ind2=" ">
      <subfield code="a">Q644425</subfield>
      <subfield code="2">wikidata</subfield>
    </datafield>
    <datafield tag="035" ind1=" " ind2=" ">
      <subfield code="a">(DE-101)124365639</subfield>
    </datafield>
    <datafield tag="035" ind1=" " ind2=" ">
      <subfield code="a">(DE-588)124365639</subfield>
    </datafield>
    <datafield tag="035" ind1=" " ind2=" ">
      <subfield code="z">(DE-588)1042583749</subfield>
    </datafield>
    <datafield tag="035" ind1=" " ind2=" ">
      <subfield code="z">(DE-588a)124365639</subfield>
      <subfield code="9">v:zg</subfield>
    </datafield>
    <datafield tag="035" ind1=" " ind2=" ">
      <subfield code="z">(DE-588c)4716018-4</subfield>
      <subfield code="9">v:zg</subfield>
    </datafield>
    <datafield tag="040" ind1=" " ind2=" ">
      <subfield code="a">DE-355</subfield>
      <subfield code="c">DE-355</subfield>
      <subfield code="9">r:DE-355</subfield>
      <subfield code="b">ger</subfield>
      <subfield code="d">0017</subfield>
    </datafield>
    <datafield tag="042" ind1=" " ind2=" ">
      <subfield code="a">gnd1</subfield>
    </datafield>
    <datafield tag="043" ind1=" " ind2=" ">
      <subfield code="c">XA-DE</subfield>
      <subfield code="c">XA-AT</subfield>
      <subfield code="c">XA-FR</subfield>
    </datafield>
    <datafield tag="065" ind1=" " ind2=" ">
      <subfield code="a">8.4p</subfield>
      <subfield code="2">sswd</subfield>
    </datafield>
    <datafield tag="075" ind1=" " ind2=" ">
      <subfield code="b">p</subfield>
      <subfield code="2">gndgen</subfield>
    </datafield>
    <datafield tag="075" ind1=" " ind2=" ">
      <subfield code="b">piz</subfield>
      <subfield code="2">gndspec</subfield>
    </datafield>
    <datafield tag="079" ind1=" " ind2=" ">
      <subfield code="a">g</subfield>
      <subfield code="q">a</subfield>
      <subfield code="q">f</subfield>
      <subfield code="q">s</subfield>
    </datafield>
    <datafield tag="100" ind1="1" ind2=" ">
      <subfield code="a">Mercy, Franz &#152;von&#156;</subfield>
      <subfield code="d">1597-1645</subfield>
    </datafield>
    <datafield tag="375" ind1=" " ind2=" ">
      <subfield code="a">1</subfield>
      <subfield code="2">iso5218</subfield>
    </datafield>
    <datafield tag="400" ind1="0" ind2=" ">
      <subfield code="a">Franz</subfield>
      <subfield code="b">II.</subfield>
      <subfield code="c">von Mercy</subfield>
      <subfield code="d">1597-1645</subfield>
    </datafield>
    <datafield tag="400" ind1="1" ind2=" ">
      <subfield code="a">Mercy, Frantz &#152;von&#156;</subfield>
      <subfield code="d">1597-1645</subfield>
    </datafield>
    <datafield tag="400" ind1="1" ind2=" ">
      <subfield code="a">Mercy, François &#152;de&#156;</subfield>
      <subfield code="d">1597-1645</subfield>
    </datafield>
    <datafield tag="400" ind1="0" ind2=" ">
      <subfield code="a">Franz</subfield>
      <subfield code="c">Freiherr von Mercy, Herr zu Mandre und Collenberg</subfield>
      <subfield code="d">1597-1645</subfield>
      <subfield code="4">navo</subfield>
      <subfield code="4">https://d-nb.info/standards/elementset/gnd#FullerFormOfNameOfThePerson</subfield>
      <subfield code="w">r</subfield>
      <subfield code="i">Vollstaendiger Name</subfield>
      <subfield code="e">Vollstaendiger Name</subfield>
    </datafield>
    <datafield tag="400" ind1="1" ind2=" ">
      <subfield code="a">DeMercy, Franz de</subfield>
      <subfield code="d">1597-1645</subfield>
      <subfield code="9">v:falsche Schreibweise</subfield>
    </datafield>
    <datafield tag="400" ind1="1" ind2=" ">
      <subfield code="a">DeMercy, Franz von</subfield>
      <subfield code="d">1597-1645</subfield>
      <subfield code="9">v:falsche Schreibweise</subfield>
    </datafield>
    <datafield tag="400" ind1="1" ind2=" ">
      <subfield code="a">De Mercy, Franz von</subfield>
      <subfield code="d">1597-1645</subfield>
      <subfield code="9">v:falsche Schreibweise</subfield>
    </datafield>
    <datafield tag="400" ind1="1" ind2=" ">
      <subfield code="9">U:Cyrl</subfield>
      <subfield code="9">L:rus</subfield>
      <subfield code="a">Мерси, Франц &#152;фон&#156;</subfield>
      <subfield code="d">1597-1645</subfield>
    </datafield>
    <datafield tag="500" ind1="1" ind2=" ">
      <subfield code="0">(DE-101)137090285</subfield>
      <subfield code="0">(DE-588)137090285</subfield>
      <subfield code="0">https://d-nb.info/gnd/137090285</subfield>
      <subfield code="a">Mercy, Franz &#152;von&#156;</subfield>
      <subfield code="d">ca. 16./17. Jh.</subfield>
      <subfield code="4">bezf</subfield>
      <subfield code="4">https://d-nb.info/standards/elementset/gnd#familialRelationship</subfield>
      <subfield code="w">r</subfield>
      <subfield code="i">Beziehung familiaer</subfield>
      <subfield code="e">Beziehung familiaer</subfield>
      <subfield code="9">v:Vater</subfield>
    </datafield>
    <datafield tag="548" ind1=" " ind2=" ">
      <subfield code="a">1597-1645</subfield>
      <subfield code="4">datl</subfield>
      <subfield code="4">https://d-nb.info/standards/elementset/gnd#dateOfBirthAndDeath</subfield>
      <subfield code="w">r</subfield>
      <subfield code="i">Lebensdaten</subfield>
    </datafield>
    <datafield tag="548" ind1=" " ind2=" ">
      <subfield code="a">XX.XX.1597-03.08.1645</subfield>
      <subfield code="4">datx</subfield>
      <subfield code="4">https://d-nb.info/standards/elementset/gnd#dateOfBirthAndDeath</subfield>
      <subfield code="w">r</subfield>
      <subfield code="i">Exakte Lebensdaten</subfield>
    </datafield>
    <datafield tag="550" ind1=" " ind2=" ">
      <subfield code="0">(DE-101)040183335</subfield>
      <subfield code="0">(DE-588)4018333-6</subfield>
      <subfield code="0">https://d-nb.info/gnd/4018333-6</subfield>
      <subfield code="a">Freiherr</subfield>
      <subfield code="4">adel</subfield>
      <subfield code="4">https://d-nb.info/standards/elementset/gnd#titleOfNobility</subfield>
      <subfield code="w">r</subfield>
      <subfield code="i">Adelstitel</subfield>
    </datafield>
    <datafield tag="550" ind1=" " ind2=" ">
      <subfield code="0">(DE-101)94658351X</subfield>
      <subfield code="0">(DE-588)4398978-0</subfield>
      <subfield code="0">https://d-nb.info/gnd/4398978-0</subfield>
      <subfield code="a">Feldmarschall</subfield>
      <subfield code="4">berc</subfield>
      <subfield code="4">https://d-nb.info/standards/elementset/gnd#professionOrOccupation</subfield>
      <subfield code="w">r</subfield>
      <subfield code="i">Charakteristischer Beruf</subfield>
    </datafield>
    <datafield tag="551" ind1=" " ind2=" ">
      <subfield code="0">(DE-101)040363139</subfield>
      <subfield code="0">(DE-588)4036313-2</subfield>
      <subfield code="0">https://d-nb.info/gnd/4036313-2</subfield>
      <subfield code="a">Longwy</subfield>
      <subfield code="4">ortg</subfield>
      <subfield code="4">https://d-nb.info/standards/elementset/gnd#placeOfBirth</subfield>
      <subfield code="w">r</subfield>
      <subfield code="i">Geburtsort</subfield>
    </datafield>
    <datafield tag="551" ind1=" " ind2=" ">
      <subfield code="0">(DE-101)040796957</subfield>
      <subfield code="0">(DE-588)4079695-4</subfield>
      <subfield code="0">https://d-nb.info/gnd/4079695-4</subfield>
      <subfield code="a">Alerheim</subfield>
      <subfield code="4">orts</subfield>
      <subfield code="4">https://d-nb.info/standards/elementset/gnd#placeOfDeath</subfield>
      <subfield code="w">r</subfield>
      <subfield code="i">Sterbeort</subfield>
    </datafield>
    <datafield tag="551" ind1=" " ind2=" ">
      <subfield code="0">(DE-101)040201465</subfield>
      <subfield code="0">(DE-588)4020146-6</subfield>
      <subfield code="0">https://d-nb.info/gnd/4020146-6</subfield>
      <subfield code="a">Gengenbach</subfield>
      <subfield code="4">ortw</subfield>
      <subfield code="4">https://d-nb.info/standards/elementset/gnd#placeOfActivity</subfield>
      <subfield code="w">r</subfield>
      <subfield code="i">Wirkungsort</subfield>
    </datafield>
    <datafield tag="667" ind1=" " ind2=" ">
      <subfield code="a">LABI-BW-WLB</subfield>
    </datafield>
    <datafield tag="667" ind1=" " ind2=" ">
      <subfield code="a">384</subfield>
    </datafield>
    <datafield tag="667" ind1=" " ind2=" ">
      <subfield code="a">12</subfield>
    </datafield>
    <datafield tag="667" ind1=" " ind2=" ">
      <subfield code="a">VD-17</subfield>
    </datafield>
    <datafield tag="670" ind1=" " ind2=" ">
      <subfield code="a">Wikipedia</subfield>
      <subfield code="b">Stand: 31.07.2019</subfield>
      <subfield code="u">https://de.wikipedia.org/w/index.php?title=Franz_von_Mercy&amp;oldid=190847263</subfield>
    </datafield>
    <datafield tag="670" ind1=" " ind2=" ">
      <subfield code="a">NDB online</subfield>
    </datafield>
    <datafield tag="670" ind1=" " ind2=" ">
      <subfield code="a">Landesbibliographie Baden-Württemberg</subfield>
    </datafield>
    <datafield tag="672" ind1=" " ind2="0">
      <subfield code="a">AccordsPuncten, welche zwischen der Römischen Keyserlichen Majestät und Churf. Durchl. in Bayrn*. - 1644</subfield>
    </datafield>
    <datafield tag="678" ind1=" " ind2=" ">
      <subfield code="b">Kaiserlicher und kurbayerischer Kriegsrat, Kämmerer und Statthalter zu Ingolstadt; 1643-1645 Oberbefehlshaber der kaiserlich-bayerischen Armee im Dreißigjährigen Krieg, in der Schlacht bei Alerheim bei Nördlingen getötet</subfield>
    </datafield>
    <datafield tag="913" ind1=" " ind2=" ">
      <subfield code="S">pnd</subfield>
      <subfield code="i">a</subfield>
      <subfield code="a">Mercy, Franz /von</subfield>
      <subfield code="0">(DE-588a)124365639</subfield>
    </datafield>
  </record>
